
@misc{eegdiagnosis,
  title={EEG Diagnosis},
    howpublished = {\url{https://www.healthline.com/health/eeg}},
    note = {Observed in Oct 2017.},
    year = {2012},
    author = {Health Line}
}

@misc{NeuroSky,
  title={NeuroSky Introduction},
    howpublished = {\url{https://en.wikipedia.org/wiki/NeuroSky}},
    note = {Observed in Oct 2017.},
    year = {2017},
    author = {Wikipedia}
}

@misc{tgsprawpacket,
  title={TGSP Raw Packet},
    howpublished = {\url{http://developer.neurosky.com/docs/doku.php?id=thinkgear_communications_protocol}},
    note = {Observed in Oct 2017.},
    year = {2017},
    author = {NeuroSky}
}

@misc{testreport,
  title={NeuroSky Headset Test Report},
    howpublished = {\url{https://apps.fcc.gov/eas/GetApplicationAttachment.html?id=1358958}},
    note = {Observed in Oct 2017.},
    year = {2009},
    author = {Federal Communications Commission}
}

@misc{gadgetshackrf,
  title={HackRF},
    howpublished = {\url{http://greatscottgadgets.com/hackrf}},
    note = {Observed in Oct 2017.},
    year = {2016},
    author = {Great Scott Gadgets}
}

@misc{heartpump,
  title={Homeland Security warns that certain heart devices can be hacked},
    howpublished = {\url{http://www.chicagotribune.com/lifestyles/health/ct-cybersecurity-flaw-in-heart-devices-20170111-story.html}},
    year = {2018},
    note = {Observed in Oct 2017.},
    author = {Tribune news services}
}


@misc{infusionhack,
  title={Smiths Medical Medfusion 4000 Wireless Syringe Infusion Pump Vulnerabilities},
    howpublished = {\url{https://ics-cert.us-cert.gov/advisories/ICSMA-17-250-02}},
    note = {Observed in Oct 2017.},
    year = {2017},
    author = {ICS-CERT}
}

@misc{gqrx,
  title={GQRX},
    howpublished = {\url{http://gqrx.dk/}},
    note = {Observed in Oct 2017.},
    year = {2017},
    author = {GQRX}
}

@misc{neuroskydata,
  title={NeuroSky EEG Dataset},
    howpublished = {\url{https://www.kaggle.com/berkeley-biosense/synchronized-brainwave-dataset/data}},
    note = {Observed in Oct 2017.},
    year = {2015},
    author = {Kaggle}
}

@misc{healthiotmarket,
  title={IoT Healthcare Market worth 158.07 Billion USD by 2022},
  howpublished = {\url{http://www.marketsandmarkets.com/PressReleases/iot-healthcare.asp}},
  note = {Observed in Oct 2017.},
  year = {2017},
  author = {Mr. Rohan}
}

@misc{2025eegdevicemarket,
  title={EEG Devices Market Size Worth \$1.40 Billion By 2025},
    howpublished = {\url{http://www.grandviewresearch.com/press-release/global-electroencephalography-eeg-systems-devices-market}},
    note = {Observed in Oct 2017.},
    year = {2017},
    author = {Grand View Research}
}

@misc{firsthomeeeg,
  title={NeuroSky Breaks Guinness World Record to launch the Mindwave headset},
    howpublished = {\url{https://www.realwire.com/releases/NeuroSky-Breaks-Guinness-World-Record-to-launch-the-Mindwave-headset}},
    note = {Observed in Oct 2017.},
    year = {2011},
    author = {Real Wire}
}

@misc{neuroskymarket,
  title={2017-2022 Global Wireless EEG Headset Market Analysis},
    howpublished = {\url{http://www.digitaljournal.com/pr/3439558}},
    note = {Observed in Oct 2017.},
    year = {2017},
    author = {Stefen Marwa}    
}

@misc{deepcrossvalid,
  title={Is cross-validation heavily used in deep learning or is it too expensive to be used?},
    howpublished = {\url{https://www.quora.com/Is-cross-validation-heavily-used-in-deep-learning-or-is-it-too-expensive-to-be-used}},
    year = {2016},
    note = {Observed in Oct 2017.},
    author = {Yoshua Bengio}
}

@misc{rce,
  title={Remote Code Execution},
    howpublished = {\url{https://en.wikipedia.org/wiki/Arbitrary_code_execution}},
    note = {Observed in Oct 2017.},
    year = {2017},
    author = {Wikipedia}
}

@misc{apt,
  title={Advanced Persistent Threat},
    howpublished = {\url{https://en.wikipedia.org/wiki/Advanced_persistent_threat}},
    note = {Observed in Oct 2017.},
    year = {2017},
    author = {Wikipedia}
}

@misc{socialengineering,
  title={Social Engineering},
    howpublished = {\url{https://en.wikipedia.org/wiki/Social_engineering_(security)}},
    note = {Observed in Oct 2017.},
    year = {2017},
    author = {Wikipedia}
}

@misc{tgammarket,
  title={EEG: TGAM},
    howpublished = {\url{https://store.neurosky.com/products/eeg-tgam}},
    note = {Observed in Oct 2017.},
    year = {2015},
    author = {NeuroSky}
}

@misc{socialengieerstat,
  title={60% of enterprises were victims of social engineering attacks in 2016},
    howpublished = {\url{https://www.scmagazineuk.com/60-of-enterprises-were-victims-of-social-engineering-attacks-in-2016/article/576060/}},
    note = {Observed in Oct 2017.},
    year = {2016},
    author = {Roi Perez}
}

@misc{aptstat,
  title={5 Advanced Persistent Threat Trends to Expect in 2016},
    howpublished = {\url{https://business.f-secure.com/5-advanced-persistent-threat-trends-to-expect-in-2016}},
    note = {Observed in Oct 2017.},
    year = {2016},
    author = {Jason}
}

@misc{vulstat,
  title={2016 Vulnerability Statistics Report},
    howpublished = {\url{https://www.edgescan.com/assets/docs/reports/2016-edgescan-stats-report.pdf}},
    note = {Observed in Oct 2017.},
    year = {2017},
    author = {Edge Scan}
}

@misc{antivirusintro,
  title={How The Antivirus Detects Virus?},
    howpublished = {\url{https://antivirus.comodo.com/how-antivirus-software-works.php}},
    note = {Observed in Feb 2018.},
    year = {2018},
    author = {Comodo}
}

@misc{mindreading2017,
  title={Mind Reading: Using Artificial Neural Nets to Predict Viewed Image Categories From EEG Readings},
  howpublished = {\url{https://aitopics.org/doc/news:10CDD3C7/}},
  note = {Observed in Oct 2017.},
  year = {2017},
  author = {machinelearnbot}
}

@misc{signtool,
  title={SignTool (Sign Tool)},
  howpublished = {\url{https://docs.microsoft.com/en-us/dotnet/framework/tools/signtool-exe}},
  note = {Observed in Jan 2018.},
  year = {2017},
  author = {Microsoft}
}

@misc{hipaa,
  title={Health Insurance Portability and Accountability Act},
  howpublished = {\url{http://searchhealthit.techtarget.com/definition/HIPAA}},
  note = {Observed in Jan 2018.},
  year = {2015},
  author = {Margaret Rouse}
}

@misc{usbprotocol,
  title={An Introduction to Universal Serial Bus 2.0},
  howpublished = {\url{http://www.cypress.com/file/134171/download}},
  note = {Observed in Jan 2018.},
  year = {2016},
  author = {Cypress}
}

@article{hardt2012oauth,
  title={The OAuth 2.0 Authorization Framework},
  author={Dick Hardt},
  journal={RFC},
  year={2012},
  volume={6749},
  pages={1-76}
}

@article{swartz1998advantages,
  title={The advantages of digital over analog recording techniques},
  author={Swartz, Barbara E},
  journal={Electroencephalography and clinical neurophysiology},
  volume={106},
  number={2},
  pages={113--117},
  year={1998},
  publisher={Elsevier}
}

@article{dauwels2010diagnosis,
  title={Diagnosis of Alzheimer's disease from EEG signals: where are we standing?},
  author={Dauwels, Justin and Vialatte, Fran{\c{c}}ois and Cichocki, Andrzej},
  journal={Current Alzheimer Research},
  volume={7},
  number={6},
  pages={487--505},
  year={2010},
  publisher={Bentham Science Publishers}
}

@ARTICLE{nakamura2017automatic, 
author={T. Nakamura and V. Goverdovsky and M. J. Morrell and D. P. Mandic}, 
journal={IEEE Journal of Translational Engineering in Health and Medicine}, 
title={Automatic Sleep Monitoring Using Ear-EEG}, 
year={2017}, 
volume={5}, 
number={}, 
pages={1-8}, 
keywords={body sensor networks;ear;electroencephalography;feature selection;fuzzy set theory;medical signal processing;patient monitoring;signal classification;sleep;2-class sleep scoring;4-class sleep scoring;Kappa coefficients;automatic sleep stage monitoring system;ear-EEG hypnogram labels;ear-EEG recordings;electroencephalogram;in-ear sensing;long-term wearable in-ear sensor;manually scored hypnograms;multiscale fuzzy entropy;scalp-EEG hypnogram labels;scalp-EEG recordings;single ear-EEG channel;sleep pattern classification;spectral edge frequency;structural complexity feature;Biomedical monitoring;Ear;Electrodes;Electroencephalography;Entropy;Monitoring;Sleep;Wearable EEG;automatic sleep classification;ear-EEG;in-ear sensing;structural complexity analysis}, 
doi={10.1109/JTEHM.2017.2702558}, 
ISSN={}, 
month={}
}

@article{zhang2017converting,
  author    = {Xiang Zhang and
               Lina Yao and
               Quan Z. Sheng and
               Salil S. Kanhere and
               Tao Gu and
               Dalin Zhang},
  title     = {Converting Your Thoughts to Texts: Enabling Brain Typing via Deep
               Feature Learning of {EEG} Signals},
  journal   = {CoRR},
  volume    = {abs/1709.08820},
  year      = {2017},
  url       = {http://arxiv.org/abs/1709.08820},
  archivePrefix = {arXiv},
  eprint    = {1709.08820},
  timestamp = {Thu, 05 Oct 2017 09:43:08 +0200},
  biburl    = {http://dblp.org/rec/bib/journals/corr/abs-1709-08820},
  bibsource = {dblp computer science bibliography, http://dblp.org},
  pages = {}
}

@article{lantz2003epileptic,
  title={Epileptic source localization with high density EEG: how many electrodes are needed?},
  author={Lantz, G and De Peralta, R Grave and Spinelli, L and Seeck, M and Michel, CM},
  journal={Clinical neurophysiology},
  volume={114},
  number={1},
  pages={63--69},
  year={2003},
  publisher={Elsevier}
}

@article{schalk2004bci2000,
  title={BCI2000: a general-purpose brain-computer interface (BCI) system},
  author={Schalk, Gerwin and McFarland, Dennis J and Hinterberger, Thilo and Birbaumer, Niels and Wolpaw, Jonathan R},
  journal={IEEE Transactions on biomedical engineering},
  volume={51},
  number={6},
  pages={1034--1043},
  year={2004},
  publisher={IEEE}
}

@inproceedings{stytsenko2011evaluation,
  title={Evaluation of consumer EEG device Emotiv EPOC},
  author={Stytsenko, Kirill and Jablonskis, Evaldas and Prahm, Cosima},
  booktitle={MEi: CogSci Conference 2011, Ljubljana},
  year={2011},
  publisher = {CogSci},
  address = {Ljubljana, Slovenia},
  pages = {}
}

@article{blossom2004gnu,
  title={GNU radio: tools for exploring the radio frequency spectrum},
  author={Blossom, Eric},
  journal={Linux journal},
  volume={2004},
  number={122},
  pages={4},
  year={2004},
  publisher={Belltown Media}
}

@article{chu2017individual,
  title={Individual Recognition in Schizophrenia using Deep Learning Methods with Random Forest and Voting Classifiers: Insights from Resting State EEG Streams},
  author={Lei Chu and Robert C. Qiu and Haichun Liu and Zenan Ling and Xin Shi},
  journal={CoRR},
  pages = {1-7},
  year={2017},
  volume={abs/1707.03467}
}

@inproceedings {martinovic2012feasibility,
author = {Ivan Martinovic and Doug Davies and Mario Frank and Daniele Perito and Tomas Ros and Dawn Song},
title = {On the Feasibility of Side-Channel Attacks with Brain-Computer Interfaces},
booktitle = {Presented as part of the 21st {USENIX} Security Symposium ({USENIX} Security 12)},
year = {2012},
isbn = {978-931971-95-9},
address = {Bellevue, WA},
pages = {143--158},
url = {https://www.usenix.org/conference/usenixsecurity12/technical-sessions/presentation/martinovic},
publisher = {{USENIX}}
}


@article{kingma2014adam,
  author    = {Diederik P. Kingma and
               Jimmy Ba},
  title     = {Adam: {A} Method for Stochastic Optimization},
  journal   = {CoRR},
  volume    = {abs/1412.6980},
  year      = {2014},
  url       = {http://arxiv.org/abs/1412.6980},
  archivePrefix = {arXiv},
  eprint    = {1412.6980},
  timestamp = {Wed, 07 Jun 2017 14:40:52 +0200},
  biburl    = {http://dblp.org/rec/bib/journals/corr/KingmaB14},
  bibsource = {dblp computer science bibliography, http://dblp.org},
  pages = {1--15}
}

@ARTICLE{lyda2007using, 
author={R. Lyda and J. Hamrock}, 
journal={IEEE Security Privacy}, 
title={Using Entropy Analysis to Find Encrypted and Packed Malware}, 
year={2007}, 
volume={5}, 
number={2}, 
pages={40-45}, 
keywords={cryptography;entropy;statistical analysis;entropy analysis encrypted malware;malware attribute identification;malware executables;malware functionality;packed malware;statistical variation;Code standards;Computer security;Cryptography;Entropy;Frequency;Pattern recognition;Privacy;Probability;Prototypes;Random number generation;Bintropy;Entropy Analysis;attacks;encryption;malware}, 
doi={10.1109/MSP.2007.48}, 
ISSN={1540-7993}, 
month={March},
publisher = {IEEE}
}



@INPROCEEDINGS{fernandes2016security, 
author={E. Fernandes and J. Jung and A. Prakash}, 
booktitle={2016 IEEE Symposium on Security and Privacy (SP)}, 
title={Security Analysis of Emerging Smart Home Applications}, 
year={2016}, 
volume={}, 
number={}, 
pages={636-654}, 
keywords={home computing;program diagnostics;security of data;source code (software);Samsung-owned SmartThings;SmartApps;SmartThings event subsystem;door locks;fire alarms;in-depth empirical security analysis;motion sensors;privilege separation model;proof-of-concept attacks;proprietary closed-source cloud backend;smart home programming frameworks;static source code analysis;third party app development;Intelligent sensors;Programming;Protocols;Security;Smart homes;Smart phones}, 
doi={10.1109/SP.2016.44}, 
ISSN={}, 
month={May},
address = {SAN JOSE, CA, USA},
publisher = {IEEE}
}


@inproceedings {costin2014large,
author = {Andrei Costin and Jonas Zaddach and Aur{\'e}lien Francillon and Davide Balzarotti},
title = {A Large-Scale Analysis of the Security of Embedded Firmwares},
booktitle = {23rd {USENIX} Security Symposium ({USENIX} Security 14)},
year = {2014},
isbn = {978-1-931971-15-7},
address = {San Diego, CA},
pages = {95--110},
url = {https://www.usenix.org/conference/usenixsecurity14/technical-sessions/presentation/costin},
publisher = {{USENIX} Association},
}

@INPROCEEDINGS{ronen2017iot, 
author={E. Ronen and A. Shamir and A. O. Weingarten and C. O’Flynn}, 
booktitle={2017 IEEE Symposium on Security and Privacy (SP)}, 
title={IoT Goes Nuclear: Creating a ZigBee Chain Reaction}, 
year={2017}, 
volume={}, 
number={}, 
pages={195-212}, 
keywords={Internet of Things;Zigbee;computer network security;cryptography;firmware;message authentication;AES-CCM key;DDOS attack;Internet of Things;IoT;Philips Hue smart lamps;Touchlink part;ZigBee chain reaction;ZigBee wireless connectivity;firmware authentication;firmware encryption;firmware updates;percolation theory;physical proximity;side channel attack;Encryption;Grippers;Protocols;Urban areas;ZigBee;AES;CCM;CPA;Hardware security;IoT;Philips Hue;Zigbee;side channels;worm}, 
doi={10.1109/SP.2017.14}, 
ISSN={}, 
month={May},
publisher = {IEEE},
address = {San Jose, CA, USA}
}

@InProceedings{eberz2017broken,
author={S. Eberz and N. Paoletti and M. Roeschlin and M. Kwiatkowska and I. Martinovic},
title={Broken Hearted: How To Attack ECG Biometrics},
booktitle={Proc. Network and Distributed System Security Symposium 2017},
year={2017},
pages={},
organization={},
publisher={IEEE},
series={},
volume={},
ISBN={1-1891562-46-0},
month={},
doi={10.14722/ndss.2017.23408},
address = {San Diego, California, USA}
}

@INPROCEEDINGS{muller2017sok, 
author={J. Müller and V. Mladenov and J. Somorovsky and J. Schwenk}, 
booktitle={2017 IEEE Symposium on Security and Privacy (SP)}, 
title={SoK: Exploiting Network Printers}, 
year={2017}, 
volume={}, 
number={}, 
pages={213-230}, 
keywords={Internet;computer network security;large-scale systems;printers;public domain software;CORS spoofing;DoS attacks;Internet users;PRET;SoK;attractive attack target;complex network computer systems;confidential data;large scale analysis;network printers;open-source tool;paperless office;printer exploitation toolkit;security analyses;Page description languages;Ports (Computers);Printers;Printing;Protocols;Security;Tools;attacks;printers;web security}, 
doi={10.1109/SP.2017.47}, 
ISSN={}, 
month={May},
address = {San Jose, CA, USA},
publisher = {IEEE}
}

@article{rahman2013fit,
  author    = {Mahmudur Rahman and
               Bogdan Carbunar and
               Madhusudan Banik},
  title     = {Fit and Vulnerable: Attacks and Defenses for a Health Monitoring Device},
  journal   = {CoRR},
  volume    = {abs/1304.5672},
  year      = {2013},
  url       = {http://arxiv.org/abs/1304.5672},
  archivePrefix = {arXiv},
  eprint    = {1304.5672},
  timestamp = {Wed, 07 Jun 2017 14:41:25 +0200},
  biburl    = {http://dblp.org/rec/bib/journals/corr/abs-1304-5672},
  bibsource = {dblp computer science bibliography, http://dblp.org},
  pages = {}
}


@INPROCEEDINGS{li2011hijacking, 
author={Chunxiao Li and A. Raghunathan and N. K. Jha}, 
booktitle={2011 IEEE 13th International Conference on e-Health Networking, Applications and Services}, 
title={Hijacking an insulin pump: Security attacks and defenses for a diabetes therapy system}, 
year={2011}, 
volume={}, 
number={}, 
pages={150-156}, 
keywords={biomedical equipment;cryptography;diseases;drug delivery systems;health and safety;wireless channels;body coupled communication;continuous glucose monitoring system;diabetes therapy system;implantable medical devices;insulin delivery system;insulin pump hijacking;medical device control;medical device impersonation;off the shelf hardware;public domain information;rolling code cryptographic protocols;security attacks;security defense;security vulnerabilities;wearable medical devices;wireless communication eavesdropping;wireless communication links;Communication system security;Insulin;Monitoring;Security;Sugar;Wireless communication;Wireless sensor networks}, 
doi={10.1109/HEALTH.2011.6026732}, 
ISSN={}, 
month={June},
publisher = {IEEE},
address = {Columbia, MO, USA}
}

@article{hochreiter1997long,
  title={Long short-term memory},
  author={Hochreiter, Sepp and Schmidhuber, J{\"u}rgen},
  journal={Neural computation},
  volume={9},
  number={8},
  pages={1735--1780},
  year={1997},
  publisher={MIT Press}
}

@inproceedings {antonakakis2017understanding,
author = {Manos Antonakakis and Tim April and Michael Bailey and Matt Bernhard and Elie Bursztein and Jaime Cochran and Zakir Durumeric and J. Alex Halderman and Luca Invernizzi and Michalis Kallitsis and Deepak Kumar and Chaz Lever and Zane Ma and Joshua Mason and Damian Menscher and Chad Seaman and Nick Sullivan and Kurt Thomas and Yi Zhou},
title = {Understanding the Mirai Botnet},
booktitle = {26th {USENIX} Security Symposium ({USENIX} Security 17)},
year = {2017},
isbn = {978-1-931971-40-9},
address = {Vancouver, BC},
pages = {1093--1110},
url = {https://www.usenix.org/conference/usenixsecurity17/technical-sessions/presentation/antonakakis},
publisher = {{USENIX} Association}
}

@inproceedings {garcia2016lock,
author = {Flavio D. Garcia and David Oswald and Timo Kasper and Pierre Pavlid{\`e}s},
title = {Lock It and Still Lose It {\textemdash}on the (In)Security of Automotive Remote Keyless Entry Systems},
booktitle = {25th {USENIX} Security Symposium ({USENIX} Security 16)},
year = {2016},
address = {Austin, TX},
url = {https://www.usenix.org/conference/usenixsecurity16/technical-sessions/presentation/garcia},
publisher = {{USENIX} Association},
pages = {929--944}
}

@article{islam2015internet,
  title={The internet of things for health care: a comprehensive survey},
  author={Islam, SM Riazul and Kwak, Daehan and Kabir, MD Humaun and Hossain, Mahmud and Kwak, Kyung-Sup},
  journal={IEEE Access},
  volume={3},
  pages={678--708},
  year={2015},
  publisher={IEEE}
}

@article{yang2014health,
  title={A health-iot platform based on the integration of intelligent packaging, unobtrusive bio-sensor, and intelligent medicine box},
  author={Yang, Geng and Xie, Li and M{\"a}ntysalo, Matti and Zhou, Xiaolin and Pang, Zhibo and Da Xu, Li and Kao-Walter, Sharon and Chen, Qiang and Zheng, Li-Rong},
  journal={IEEE transactions on industrial informatics},
  volume={10},
  number={4},
  pages={2180--2191},
  year={2014},
  publisher={IEEE}
}

@article{solanas2014smart,
  title={Smart health: a context-aware health paradigm within smart cities},
  author={Solanas, Agusti and Patsakis, Constantinos and Conti, Mauro and Vlachos, Ioannis S and Ramos, Victoria and Falcone, Francisco and Postolache, Octavian and P{\'e}rez-Mart{\'\i}nez, Pablo A and Di Pietro, Roberto and Perrea, Despina N and others},
  journal={IEEE Communications Magazine},
  volume={52},
  number={8},
  pages={74--81},
  year={2014},
  publisher={IEEE}
}

@article{baig2013smart,
  title={Smart health monitoring systems: an overview of design and modeling},
  author={Baig, Mirza Mansoor and Gholamhosseini, Hamid},
  journal={Journal of medical systems},
  volume={37},
  number={2},
  pages={9898},
  year={2013},
  publisher={Springer}
}

@INPROCEEDINGS{coyle2011eeg, 
author={D. Coyle and J. Garcia and A. R. Satti and T. M. McGinnity}, 
booktitle={2011 IEEE Symposium on Computational Intelligence, Cognitive Algorithms, Mind, and Brain (CCMB)}, 
title={EEG-based continuous control of a game using a 3 channel motor imagery BCI: BCI game}, 
year={2011}, 
volume={}, 
number={}, 
pages={1-7}, 
publisher={IEEE},
keywords={brain-computer interfaces;electroencephalography;medical control systems;medical signal processing;3-channel motor imagery BCI;BCI based game training paradigm;EEG based continuous control;motor imagery;multistage signal processing framework;self-paced BCI;Electroencephalography;Feature extraction;Filtering;Games;Smoothing methods;Synchronous motors;Training;BCI;EEG;fuzzing neural network;games;motor imagery;particle swarm optimisation;time-series prediction}, 
doi={10.1109/CCMB.2011.5952128}, 
ISSN={}, 
month={April},
address = {USA}
}


@article{diffie1976new,
  title={New directions in cryptography},
  author={Diffie, Whitfield and Hellman, Martin},
  journal={IEEE transactions on Information Theory},
  volume={22},
  number={6},
  pages={644--654},
  year={1976},
  publisher={IEEE}
}

@inproceedings{bethencourt2007ciphertext,
 author = {Bethencourt, John and Sahai, Amit and Waters, Brent},
 title = {Ciphertext-Policy Attribute-Based Encryption},
 booktitle = {Proceedings of the 2007 IEEE Symposium on Security and Privacy},
 series = {SP '07},
 year = {2007},
 isbn = {0-7695-2848-1},
 pages = {321--334},
 url = {http://dx.doi.org/10.1109/SP.2007.11},
 doi = {10.1109/SP.2007.11},
 acmid = {1264219},
 publisher = {IEEE Computer Society},
 address = {Washington, DC, USA},
}

@INPROCEEDINGS{li2016side, 
author={H. Li and Y. He and L. Sun and X. Cheng and J. Yu}, 
booktitle={IEEE INFOCOM 2016 - The 35th Annual IEEE International Conference on Computer Communications}, 
title={Side-channel information leakage of encrypted video stream in video surveillance systems}, 
year={2016}, 
volume={}, 
number={}, 
pages={1-9}, 
keywords={cryptography;data compression;video coding;video streaming;video surveillance;HIPAA regulations;encrypted video stream traffic patterns;home security;off-the-shelf cameras;residual image;side-channel information leakage;traffic size data;user basic activities;video encoding standards;video surveillance systems;Cameras;Cryptography;Encoding;Image coding;Redundancy;Streaming media;Video surveillance}, 
doi={10.1109/INFOCOM.2016.7524621}, 
ISSN={}, 
month={April},
address = {San Francisco, CA, USA},
publisher = {IEEE}
}

@inproceedings{song2016my,
 author = {Song, Chen and Lin, Feng and Ba, Zhongjie and Ren, Kui and Zhou, Chi and Xu, Wenyao},
 title = {My Smartphone Knows What You Print: Exploring Smartphone-based Side-channel Attacks Against 3D Printers},
 booktitle = {Proceedings of the 2016 ACM SIGSAC Conference on Computer and Communications Security},
 series = {CCS '16},
 year = {2016},
 isbn = {978-1-4503-4139-4},
 location = {Vienna, Austria},
 pages = {895--907},
 url = {http://doi.acm.org/10.1145/2976749.2978300},
 doi = {10.1145/2976749.2978300},
 acmid = {2978300},
 publisher = {ACM},
 address = {New York, NY, USA},
 keywords = {3D printing, side-channel attack, smartphone}
} 